<?xml version="1.0" encoding="UTF-8"?><collection xmlns="http://www.loc.gov/MARC21/slim"><record><leader>00557nam--2200193-i-4500</leader><controlfield tag="001">000029745</controlfield><controlfield tag="002">20161230</controlfield><controlfield tag="005">20161230201037</controlfield><controlfield tag="008">060222s1000------------r-----000-0-fre-d</controlfield><datafield ind1=" " ind2=" " tag="040"><subfield code="a">IFIN-HH</subfield></datafield><datafield ind1=" " ind2=" " tag="041"><subfield code="a">fre</subfield></datafield><datafield ind1=" " ind2=" " tag="080"><subfield code="a">537</subfield></datafield><datafield ind1="1" ind2=" " tag="100"><subfield code="a">Kupfmuller, K</subfield></datafield><datafield ind1="1" ind2="0" tag="245"><subfield code="a">Electricite</subfield><subfield code="b">Theorique et appliquee. traduit par a.fruhling</subfield><subfield code="c">K. kupfmuller</subfield></datafield><datafield ind1=" " ind2=" " tag="260"><subfield code="a">Paris</subfield><subfield code="b">Dunod</subfield><subfield code="c">1959</subfield></datafield><datafield ind1=" " ind2=" " tag="300"><subfield code="a">IX+601P</subfield></datafield><datafield ind1=" " ind2=" " tag="500"><subfield code="a">Titlul Original N Limba Germana: Einfuhrung In Die Theoretische Elektrotechnik</subfield></datafield><datafield ind1=" " ind2=" " tag="852"><subfield code="a">33693</subfield><subfield code="c">537:538</subfield></datafield><datafield ind1=" " ind2=" " tag="CAT"><subfield code="a">Sys</subfield><subfield code="c">20110616</subfield><subfield code="h">131902</subfield></datafield></record></collection>